@article{nakamoto-2008-bitcoin,
  title={Bitcoin: A peer-to-peer electronic cash system},
  author={Nakamoto, Satoshi and others},
  year={2008},
  publisher={Working Paper}
}
@article{bentov-2014-proof,
  title={Proof of Activity: Extending Bitcoin's Proof of Work via Proof of Stake.},
  author={Bentov, Iddo and Lee, Charles and Mizrahi, Alex and Rosenfeld, Meni},
  journal={IACR Cryptology ePrint Archive},
  volume={2014},
  pages={452},
  year={2014}
}
@article{wood-2014-ethereum,
  title={Ethereum: A secure decentralised generalised transaction ledger},
  author={Wood, Gavin and others},
  journal={Ethereum project yellow paper},
  volume={151},
  pages={1--32},
  year={2014}
}
@article{chohan-2017-leisures,
  title={The Leisures of Blockchains: Exploratory Analysis},
  author={Chohan, Usman W},
  journal={Available at SSRN 3084411},
  year={2017}
}
@misc{methus-hyperledger-on-windows-10,
  author={Methus Kaewsaikao},
  title={Hyperledger Fabric on Windows 10},
  url={https://medium.com/cochain/hyperledger-fabric-on-windows-10-26723116c636}
}
@article{shao-2018-blockchain-technologies,
  title={区块链技术: 架构及进展},
  author={邵奇峰 and 金澈清 and 张召 and 钱卫宁 and 周傲英 and others},
  journal={计算机学报},
  volume={41},
  number={5},
  pages={969--988},
  year={2018},
  publisher={中国计算机学会| 中国科学院计算技术研究所}
}
@inproceedings{gervais-2016-security,
  title={On the security and performance of proof of work blockchains},
  author={Gervais, Arthur and Karame, Ghassan O and W{\"u}st, Karl and Glykantzis, Vasileios and Ritzdorf, Hubert and Capkun, Srdjan},
  booktitle={Proceedings of the 2016 ACM SIGSAC conference on computer and communications security},
  pages={3--16},
  year={2016},
  organization={ACM}
}
@article{buterin-2015-understanding-serenity,
  title={Understanding Serenity, Part 2: Casper},
  author={Buterin, Vitalik},
  year={2015},
  url={https://blog.ethereum.org/2015/12/28/understanding-serenity-part-2-casper/},
}
@misc{wiki-dotnetcore,
  author = "{Wikipedia contributors}",
  title = ".NET Core --- {Wikipedia}{,} The Free Encyclopedia",
  year = "2019",
  url = "https://en.wikipedia.org/w/index.php?title=.NET_Core&oldid=900370016",
}
@article{kulkarni-2007-linq,
  title="LINQ to SQL: .NET Language-Integrated Query for Relational Data",
  author={Kulkarni, Dinesh and Bolognese, Luca and Warren, Matt and Hejlsberg, Anders and George, Kit},
  journal={MSDN .NET Framework Developer Center (http://msdn. microsoft. com/enus/library/bb425822. aspx)},
  year={2007}
}
@book{seemann-2012-dependency,
  title={Dependency injection in. NET},
  author={Seemann, Mark},
  year={2012},
  publisher={Manning New York}
}
@misc{bitcoinwiki-block,
    author={Bitcoin Wiki contributors},
    title={Block - Bitcoin Wiki},
    url={https://en.bitcoin.it/wiki/Block}
}
@article{mayer-2016-ecdsa,
  title={ECDSA security in bitcoin and ethereum: a research survey},
  author={Mayer, Hartwig},
  journal={CoinFaabrik, June},
  volume={28},
  pages={126},
  year={2016}
}
@book{hankerson-2011-elliptic-curve-keys,
  author="Hankerson, Darrel and Menezes, Alfred",
  editor="van Tilborg, Henk C. A. and Jajodia, Sushil",
  title="Elliptic Curve Keys",
  bookTitle="Encyclopedia of Cryptography and Security",
  year="2011",
  publisher="Springer US",
  address="Boston, MA",
  pages="401--401",
  isbn="978-1-4419-5906-5",
  doi="10.1007/978-1-4419-5906-5_248",
  url="https://doi.org/10.1007/978-1-4419-5906-5_248"
}
@misc{documentation-entity-framework-core,
  title="Overview - EF Core | Microsoft Docs",
  url={https://docs.microsoft.com/en-us/ef/core/}
}